@article{boneh,
  title={Twenty years of attacks on the RSA cryptosystem},
  author={Boneh, Dan and others},
  journal={Notices of the AMS},
  volume={46},
  number={2},
  pages={203--213},
  year={1999}
}

@book{rosen,
  author = {Rosen, Kenneth H.},
  title = {Discrete Mathematics and Its Applications},
  year = {2019},
  isbn = {1259676512},
  publisher = {McGraw-Hill, Inc.},
  address = {USA},
  edition = {8th},
}

